<?xml version="1.0" encoding="UTF-8"?>
<!--
  Curated showcase records for the BibframeHub demo.

  Each record carries its VERIFIED canonical LC Hub URI in 240 $1 (the Modern
  MARC "fast lane"), so the plugin resolves deterministically and the
  surprise-scoring model has a richly-connected base-work hub to traverse.

  Hubs were chosen by querying the neo4j-hubs-v2 graph (2026-05-05 LC dump) for
  bidirectional relation degree, then confirming authorship via id.loc.gov RDF.
  The set is deliberately weighted toward diverse and international voices.
  See heng-et-al-2026/find_richest_hubs.py and /memories/session/showcase-hubs.md.
-->
<collection xmlns="http://www.loc.gov/MARC21/slim">

  <record>
    <leader>01000nam a2200265 i 4500</leader>
    <controlfield tag="001">beloved</controlfield>
    <controlfield tag="008">040101s2004    nyu           000 1 eng d</controlfield>
    <datafield tag="100" ind1="1" ind2=" ">
      <subfield code="a">Morrison, Toni,</subfield>
      <subfield code="d">1931-2019,</subfield>
      <subfield code="e">author.</subfield>
    </datafield>
    <datafield tag="240" ind1="1" ind2="0">
      <subfield code="a">Beloved</subfield>
      <subfield code="1">http://id.loc.gov/resources/hubs/3cf289bd-f322-132f-8439-faa0214b6e66</subfield>
    </datafield>
    <datafield tag="245" ind1="1" ind2="0">
      <subfield code="a">Beloved /</subfield>
      <subfield code="c">Toni Morrison.</subfield>
    </datafield>
    <datafield tag="264" ind1=" " ind2="1">
      <subfield code="a">New York :</subfield>
      <subfield code="b">Vintage International,</subfield>
      <subfield code="c">2004.</subfield>
    </datafield>
  </record>