

  <record>
    <leader>01000nam a2200265 i 4500</leader>
    <controlfield tag="001">color-purple</controlfield>
    <controlfield tag="008">820101s1982    nyu           000 1 eng d</controlfield>
    <datafield tag="100" ind1="1" ind2=" ">
      <subfield code="a">Walker, Alice,</subfield>
      <subfield code="d">1944-</subfield>
      <subfield code="e">author.</subfield>
    </datafield>
    <datafield tag="240" ind1="1" ind2="0">
      <subfield code="a">Color purple</subfield>
      <subfield code="1">http://id.loc.gov/resources/hubs/5583bfde-a57c-fd01-a00b-15a3de247e91</subfield>
    </datafield>
    <datafield tag="245" ind1="1" ind2="4">
      <subfield code="a">The color purple /</subfield>
      <subfield code="c">Alice Walker.</subfield>
    </datafield>
    <datafield tag="264" ind1=" " ind2="1">
      <subfield code="a">New York :</subfield>
      <subfield code="b">Harcourt,</subfield>
      <subfield code="c">1982.</subfield>
    </datafield>
  </record>