

  <record>
    <leader>01000nam a2200265 i 4500</leader>
    <controlfield tag="001">invisible-man</controlfield>
    <controlfield tag="008">950101s1995    nyu           000 1 eng d</controlfield>
    <datafield tag="100" ind1="1" ind2=" ">
      <subfield code="a">Ellison, Ralph,</subfield>
      <subfield code="d">1914-1994,</subfield>
      <subfield code="e">author.</subfield>
    </datafield>
    <datafield tag="240" ind1="1" ind2="0">
      <subfield code="a">Invisible man</subfield>
      <subfield code="1">http://id.loc.gov/resources/hubs/328cef4f-4159-c30e-9b29-76145604a57d</subfield>
    </datafield>
    <datafield tag="245" ind1="1" ind2="0">
      <subfield code="a">Invisible man /</subfield>
      <subfield code="c">Ralph Ellison.</subfield>
    </datafield>
    <datafield tag="264" ind1=" " ind2="1">
      <subfield code="a">New York :</subfield>
      <subfield code="b">Vintage International,</subfield>
      <subfield code="c">1995.</subfield>
    </datafield>
  </record>