

  <record>
    <leader>01000nam a2200265 i 4500</leader>
    <controlfield tag="001">their-eyes</controlfield>
    <controlfield tag="008">060101s2006    nyu           000 1 eng d</controlfield>
    <datafield tag="100" ind1="1" ind2=" ">
      <subfield code="a">Hurston, Zora Neale,</subfield>
      <subfield code="e">author.</subfield>
    </datafield>
    <datafield tag="240" ind1="1" ind2="0">
      <subfield code="a">Their eyes were watching God</subfield>
      <subfield code="1">http://id.loc.gov/resources/hubs/61fdccb2-ae30-4c4d-9cb4-eef64db12fbe</subfield>
    </datafield>
    <datafield tag="245" ind1="1" ind2="0">
      <subfield code="a">Their eyes were watching God /</subfield>
      <subfield code="c">Zora Neale Hurston.</subfield>
    </datafield>
    <datafield tag="264" ind1=" " ind2="1">
      <subfield code="a">New York :</subfield>
      <subfield code="b">Harper Perennial,</subfield>
      <subfield code="c">2006.</subfield>
    </datafield>
  </record>