

  <record>
    <leader>01000nam a2200265 i 4500</leader>
    <controlfield tag="001">native-son</controlfield>
    <controlfield tag="008">050101s2005    nyu           000 1 eng d</controlfield>
    <datafield tag="100" ind1="1" ind2=" ">
      <subfield code="a">Wright, Richard,</subfield>
      <subfield code="d">1908-1960,</subfield>
      <subfield code="e">author.</subfield>
    </datafield>
    <datafield tag="240" ind1="1" ind2="0">
      <subfield code="a">Native son</subfield>
      <subfield code="1">http://id.loc.gov/resources/hubs/170c9581-7898-7489-9fc9-59dcd0a4b78f</subfield>
    </datafield>
    <datafield tag="245" ind1="1" ind2="0">
      <subfield code="a">Native son /</subfield>
      <subfield code="c">Richard Wright.</subfield>
    </datafield>
    <datafield tag="264" ind1=" " ind2="1">
      <subfield code="a">New York :</subfield>
      <subfield code="b">Harper Perennial,</subfield>
      <subfield code="c">2005.</subfield>
    </datafield>
  </record>