

  <record>
    <leader>01000nam a2200265 i 4500</leader>
    <controlfield tag="001">things-fall-apart</controlfield>
    <controlfield tag="008">940101s1994    nyu           000 1 eng d</controlfield>
    <datafield tag="100" ind1="1" ind2=" ">
      <subfield code="a">Achebe, Chinua,</subfield>
      <subfield code="d">1930-2013,</subfield>
      <subfield code="e">author.</subfield>
    </datafield>
    <datafield tag="240" ind1="1" ind2="0">
      <subfield code="a">Things fall apart</subfield>
      <subfield code="1">http://id.loc.gov/resources/hubs/3e8b5112-1d24-a46e-8d02-9d754165679e</subfield>
    </datafield>
    <datafield tag="245" ind1="1" ind2="0">
      <subfield code="a">Things fall apart /</subfield>
      <subfield code="c">Chinua Achebe.</subfield>
    </datafield>
    <datafield tag="264" ind1=" " ind2="1">
      <subfield code="a">New York :</subfield>
      <subfield code="b">Anchor Books,</subfield>
      <subfield code="c">1994.</subfield>
    </datafield>
  </record>