

  <record>
    <leader>01000nam a2200265 i 4500</leader>
    <controlfield tag="001">half-yellow-sun</controlfield>
    <controlfield tag="008">060101s2006    nyu           000 1 eng d</controlfield>
    <datafield tag="100" ind1="1" ind2=" ">
      <subfield code="a">Adichie, Chimamanda Ngozi,</subfield>
      <subfield code="d">1977-</subfield>
      <subfield code="e">author.</subfield>
    </datafield>
    <datafield tag="240" ind1="1" ind2="0">
      <subfield code="a">Half of a yellow sun</subfield>
      <subfield code="1">http://id.loc.gov/resources/hubs/a8a81b82-5228-9b0d-7827-43d7d6dfa9a8</subfield>
    </datafield>
    <datafield tag="245" ind1="1" ind2="0">
      <subfield code="a">Half of a yellow sun /</subfield>
      <subfield code="c">Chimamanda Ngozi Adichie.</subfield>
    </datafield>
    <datafield tag="264" ind1=" " ind2="1">
      <subfield code="a">New York :</subfield>
      <subfield code="b">Alfred A. Knopf,</subfield>
      <subfield code="c">2006.</subfield>
    </datafield>
  </record>