

  <record>
    <leader>01000nam a2200265 i 4500</leader>
    <controlfield tag="001">midnights-children</controlfield>
    <controlfield tag="008">810101s1981    nyu           000 1 eng d</controlfield>
    <datafield tag="100" ind1="1" ind2=" ">
      <subfield code="a">Rushdie, Salman,</subfield>
      <subfield code="e">author.</subfield>
    </datafield>
    <datafield tag="240" ind1="1" ind2="0">
      <subfield code="a">Midnight's children</subfield>
      <subfield code="1">http://id.loc.gov/resources/hubs/33f61da3-f867-690d-4f66-c70ab465486b</subfield>
    </datafield>
    <datafield tag="245" ind1="1" ind2="0">
      <subfield code="a">Midnight's children /</subfield>
      <subfield code="c">Salman Rushdie.</subfield>
    </datafield>
    <datafield tag="264" ind1=" " ind2="1">
      <subfield code="a">New York :</subfield>
      <subfield code="b">Random House,</subfield>
      <subfield code="c">1981.</subfield>
    </datafield>
  </record>