

  <record>
    <leader>01000nam a2200265 i 4500</leader>
    <controlfield tag="001">joy-luck-club</controlfield>
    <controlfield tag="008">890101s1989    nyu           000 1 eng d</controlfield>
    <datafield tag="100" ind1="1" ind2=" ">
      <subfield code="a">Tan, Amy,</subfield>
      <subfield code="e">author.</subfield>
    </datafield>
    <datafield tag="240" ind1="1" ind2="0">
      <subfield code="a">Joy Luck Club</subfield>
      <subfield code="1">http://id.loc.gov/resources/hubs/67bd5e6b-2f4e-dd27-1f94-63caecae91b6</subfield>
    </datafield>
    <datafield tag="245" ind1="1" ind2="4">
      <subfield code="a">The Joy Luck Club /</subfield>
      <subfield code="c">Amy Tan.</subfield>
    </datafield>
    <datafield tag="264" ind1=" " ind2="1">
      <subfield code="a">New York :</subfield>
      <subfield code="b">G.P. Putnam's Sons,</subfield>
      <subfield code="c">1989.</subfield>
    </datafield>
  </record>