

  <record>
    <leader>01000nam a2200265 i 4500</leader>
    <controlfield tag="001">pachinko</controlfield>
    <controlfield tag="008">170101s2017    nyu           000 1 eng d</controlfield>
    <datafield tag="100" ind1="1" ind2=" ">
      <subfield code="a">Lee, Min Jin,</subfield>
      <subfield code="e">author.</subfield>
    </datafield>
    <datafield tag="240" ind1="1" ind2="0">
      <subfield code="a">Pachinko</subfield>
      <subfield code="1">http://id.loc.gov/resources/hubs/80c8e8e3-e313-a60a-19a1-b47da68450a4</subfield>
    </datafield>
    <datafield tag="245" ind1="1" ind2="0">
      <subfield code="a">Pachinko /</subfield>
      <subfield code="c">Min Jin Lee.</subfield>
    </datafield>
    <datafield tag="264" ind1=" " ind2="1">
      <subfield code="a">New York :</subfield>
      <subfield code="b">Grand Central Publishing,</subfield>
      <subfield code="c">2017.</subfield>
    </datafield>
  </record>