

  <record>
    <leader>01000nam a2200277 i 4500</leader>
    <controlfield tag="001">tale-of-genji</controlfield>
    <controlfield tag="008">010101s2001    nyu           000 1 eng d</controlfield>
    <datafield tag="041" ind1="1" ind2=" ">
      <subfield code="a">eng</subfield>
      <subfield code="h">jpn</subfield>
    </datafield>
    <datafield tag="100" ind1="0" ind2=" ">
      <subfield code="a">Murasaki Shikibu,</subfield>
      <subfield code="d">978?-</subfield>
      <subfield code="e">author.</subfield>
    </datafield>
    <datafield tag="240" ind1="1" ind2="0">
      <subfield code="a">Genji monogatari.</subfield>
      <subfield code="l">English</subfield>
      <subfield code="1">http://id.loc.gov/resources/hubs/7fe79a79-d79e-f576-247a-dc1d584a272a</subfield>
    </datafield>
    <datafield tag="245" ind1="1" ind2="4">
      <subfield code="a">The tale of Genji /</subfield>
      <subfield code="c">Murasaki Shikibu ; translated by Royall Tyler.</subfield>
    </datafield>
    <datafield tag="264" ind1=" " ind2="1">
      <subfield code="a">New York :</subfield>
      <subfield code="b">Viking,</subfield>
      <subfield code="c">2001.</subfield>
    </datafield>
  </record>