

  <record>
    <leader>01000nam a2200277 i 4500</leader>
    <controlfield tag="001">like-water-chocolate</controlfield>
    <controlfield tag="008">920101s1992    nyu           000 1 eng d</controlfield>
    <datafield tag="041" ind1="1" ind2=" ">
      <subfield code="a">eng</subfield>
      <subfield code="h">spa</subfield>
    </datafield>
    <datafield tag="100" ind1="1" ind2=" ">
      <subfield code="a">Esquivel, Laura,</subfield>
      <subfield code="d">1950-</subfield>
      <subfield code="e">author.</subfield>
    </datafield>
    <datafield tag="240" ind1="1" ind2="0">
      <subfield code="a">Como agua para chocolate.</subfield>
      <subfield code="l">English</subfield>
      <subfield code="1">http://id.loc.gov/resources/hubs/8e891e1e-e031-9b2f-5ad1-91000b835f9b</subfield>
    </datafield>
    <datafield tag="245" ind1="1" ind2="0">
      <subfield code="a">Like water for chocolate /</subfield>
      <subfield code="c">Laura Esquivel ; translated by Carol Christensen and Thomas Christensen.</subfield>
    </datafield>
    <datafield tag="264" ind1=" " ind2="1">
      <subfield code="a">New York :</subfield>
      <subfield code="b">Doubleday,</subfield>
      <subfield code="c">1992.</subfield>
    </datafield>
  </record>