

  <record>
    <leader>01000nam a2200277 i 4500</leader>
    <controlfield tag="001">anna-karenina</controlfield>
    <controlfield tag="008">000101s2000    nyu           000 1 eng d</controlfield>
    <datafield tag="041" ind1="1" ind2=" ">
      <subfield code="a">eng</subfield>
      <subfield code="h">rus</subfield>
    </datafield>
    <datafield tag="100" ind1="1" ind2=" ">
      <subfield code="a">Tolstoy, Leo,</subfield>
      <subfield code="c">graf,</subfield>
      <subfield code="d">1828-1910,</subfield>
      <subfield code="e">author.</subfield>
    </datafield>
    <datafield tag="240" ind1="1" ind2="0">
      <subfield code="a">Anna Karenina.</subfield>
      <subfield code="l">English</subfield>
      <subfield code="1">http://id.loc.gov/resources/hubs/8aec1fd2-4b70-8569-66ec-ac4c9acd3fa3</subfield>
    </datafield>
    <datafield tag="245" ind1="1" ind2="0">
      <subfield code="a">Anna Karenina /</subfield>
      <subfield code="c">Leo Tolstoy ; translated by Richard Pevear and Larissa Volokhonsky.</subfield>
    </datafield>
    <datafield tag="264" ind1=" " ind2="1">
      <subfield code="a">New York :</subfield>
      <subfield code="b">Penguin Books,</subfield>
      <subfield code="c">2000.</subfield>
    </datafield>
  </record>