

  <record>
    <leader>01000nam a2200277 i 4500</leader>
    <controlfield tag="001">crime-and-punishment</controlfield>
    <controlfield tag="008">920101s1992    nyu           000 1 eng d</controlfield>
    <datafield tag="041" ind1="1" ind2=" ">
      <subfield code="a">eng</subfield>
      <subfield code="h">rus</subfield>
    </datafield>
    <datafield tag="100" ind1="1" ind2=" ">
      <subfield code="a">Dostoyevsky, Fyodor,</subfield>
      <subfield code="d">1821-1881,</subfield>
      <subfield code="e">author.</subfield>
    </datafield>
    <datafield tag="240" ind1="1" ind2="0">
      <subfield code="a">Prestuplenie i nakazanie.</subfield>
      <subfield code="l">English</subfield>
      <subfield code="1">http://id.loc.gov/resources/hubs/2c82aff5-a957-f21a-3412-4b483b446ed8</subfield>
    </datafield>
    <datafield tag="245" ind1="1" ind2="0">
      <subfield code="a">Crime and punishment /</subfield>
      <subfield code="c">Fyodor Dostoyevsky ; translated by Richard Pevear and Larissa Volokhonsky.</subfield>
    </datafield>
    <datafield tag="264" ind1=" " ind2="1">
      <subfield code="a">New York :</subfield>
      <subfield code="b">Vintage Classics,</subfield>
      <subfield code="c">1992.</subfield>
    </datafield>
  </record>