

  <record>
    <leader>01000nam a2200265 i 4500</leader>
    <controlfield tag="001">heart-of-darkness</controlfield>
    <controlfield tag="008">990101s1999    enk           000 1 eng d</controlfield>
    <datafield tag="100" ind1="1" ind2=" ">
      <subfield code="a">Conrad, Joseph,</subfield>
      <subfield code="d">1857-1924,</subfield>
      <subfield code="e">author.</subfield>
    </datafield>
    <datafield tag="240" ind1="1" ind2="0">
      <subfield code="a">Heart of darkness</subfield>
      <subfield code="1">http://id.loc.gov/resources/hubs/6ffe100d-6d4d-83d4-70a3-ec240647eb8a</subfield>
    </datafield>
    <datafield tag="245" ind1="1" ind2="0">
      <subfield code="a">Heart of darkness /</subfield>
      <subfield code="c">Joseph Conrad.</subfield>
    </datafield>
    <datafield tag="264" ind1=" " ind2="1">
      <subfield code="a">London :</subfield>
      <subfield code="b">Penguin Books,</subfield>
      <subfield code="c">1999.</subfield>
    </datafield>
  </record>