

  <record>
    <leader>01000nam a2200277 i 4500</leader>
    <controlfield tag="001">don-quixote</controlfield>
    <controlfield tag="008">030101s2003    nyu           000 1 eng d</controlfield>
    <datafield tag="041" ind1="1" ind2=" ">
      <subfield code="a">eng</subfield>
      <subfield code="h">spa</subfield>
    </datafield>
    <datafield tag="100" ind1="1" ind2=" ">
      <subfield code="a">Cervantes Saavedra, Miguel de,</subfield>
      <subfield code="d">1547-1616,</subfield>
      <subfield code="e">author.</subfield>
    </datafield>
    <datafield tag="240" ind1="1" ind2="0">
      <subfield code="a">Don Quixote.</subfield>
      <subfield code="l">English</subfield>
      <subfield code="1">http://id.loc.gov/resources/hubs/988750ad-b8a6-2118-4287-dbd8cbdc04a7</subfield>
    </datafield>
    <datafield tag="245" ind1="1" ind2="0">
      <subfield code="a">Don Quixote /</subfield>
      <subfield code="c">Miguel de Cervantes ; translated by Edith Grossman.</subfield>
    </datafield>
    <datafield tag="264" ind1=" " ind2="1">
      <subfield code="a">New York :</subfield>
      <subfield code="b">Ecco,</subfield>
      <subfield code="c">2003.</subfield>
    </datafield>
  </record>