

  <record>
    <leader>01000nam a2200265 i 4500</leader>
    <controlfield tag="001">frankenstein</controlfield>
    <controlfield tag="008">920101s1992    enk           000 1 eng d</controlfield>
    <datafield tag="100" ind1="1" ind2=" ">
      <subfield code="a">Shelley, Mary Wollstonecraft,</subfield>
      <subfield code="d">1797-1851,</subfield>
      <subfield code="e">author.</subfield>
    </datafield>
    <datafield tag="240" ind1="1" ind2="0">
      <subfield code="a">Frankenstein</subfield>
      <subfield code="1">http://id.loc.gov/resources/hubs/5b163362-91e2-22b3-b9d7-e2e5b3de00b7</subfield>
    </datafield>
    <datafield tag="245" ind1="1" ind2="0">
      <subfield code="a">Frankenstein, or, The modern Prometheus /</subfield>
      <subfield code="c">Mary Shelley.</subfield>
    </datafield>
    <datafield tag="264" ind1=" " ind2="1">
      <subfield code="a">London :</subfield>
      <subfield code="b">Penguin Books,</subfield>
      <subfield code="c">1992.</subfield>
    </datafield>
  </record>