

  <record>
    <leader>01000nam a2200265 i 4500</leader>
    <controlfield tag="001">dracula</controlfield>
    <controlfield tag="008">970101s1997    enk           000 1 eng d</controlfield>
    <datafield tag="100" ind1="1" ind2=" ">
      <subfield code="a">Stoker, Bram,</subfield>
      <subfield code="d">1847-1912,</subfield>
      <subfield code="e">author.</subfield>
    </datafield>
    <datafield tag="240" ind1="1" ind2="0">
      <subfield code="a">Dracula</subfield>
      <subfield code="1">http://id.loc.gov/resources/hubs/24f2c5dc-10bb-1385-b89a-8d41c3f0d1f8</subfield>
    </datafield>
    <datafield tag="245" ind1="1" ind2="0">
      <subfield code="a">Dracula /</subfield>
      <subfield code="c">Bram Stoker.</subfield>
    </datafield>
    <datafield tag="264" ind1=" " ind2="1">
      <subfield code="a">London :</subfield>
      <subfield code="b">Penguin Books,</subfield>
      <subfield code="c">1997.</subfield>
    </datafield>
  </record>