

  <record>
    <leader>01000nam a2200265 i 4500</leader>
    <controlfield tag="001">to-kill-a-mockingbird</controlfield>
    <controlfield tag="008">600101s1960    alu           000 1 eng d</controlfield>
    <datafield tag="100" ind1="1" ind2=" ">
      <subfield code="a">Lee, Harper,</subfield>
      <subfield code="d">1926-2016,</subfield>
      <subfield code="e">author.</subfield>
    </datafield>
    <datafield tag="240" ind1="1" ind2="0">
      <subfield code="a">To kill a mockingbird</subfield>
      <subfield code="1">http://id.loc.gov/resources/hubs/bd87d7da-5ba6-d333-f606-229678a6f85d</subfield>
    </datafield>
    <datafield tag="245" ind1="1" ind2="0">
      <subfield code="a">To kill a mockingbird /</subfield>
      <subfield code="c">Harper Lee.</subfield>
    </datafield>
    <datafield tag="264" ind1=" " ind2="1">
      <subfield code="a">Philadelphia :</subfield>
      <subfield code="b">J.B. Lippincott,</subfield>
      <subfield code="c">1960.</subfield>
    </datafield>
  </record>

</collection>
